<?xml version="1.0" encoding="UTF-8"?><collection xmlns="http://www.loc.gov/MARC21/slim"><record><leader>00327nam--2200133-i-4500</leader><controlfield tag="001">000013516</controlfield><controlfield tag="002">20161230</controlfield><controlfield tag="005">20161230201030</controlfield><controlfield tag="008">060222s1000------------r-----000-0-eng-d</controlfield><datafield ind1=" " ind2=" " tag="020"><subfield code="a">STRUCTURE AND BONDING</subfield></datafield><datafield ind1=" " ind2=" " tag="100"><subfield code="a">Blasse, G</subfield></datafield><datafield ind1=" " ind2=" " tag="245"><subfield code="a">Powell, r.c</subfield></datafield><datafield ind1=" " ind2=" " tag="260"><subfield code="a">Bleijenberg, K.C</subfield></datafield><datafield ind1=" " ind2=" " tag="490"><subfield code="a">Berlin, Springer-verlag, 1980. 133 P</subfield></datafield></record></collection>